@manual{sage,
  Key          = {Sage},
  Author       = {W. A. Stein and others},
  Organization = {The Sage Development Team},
  Title        = {{S}age {M}athematics {S}oftware ({V}ersion 4.6.2)},
  note         = {{\tt http://www.sagemath.org}},
  Year         = {2011},
}

@article {guardia,
    AUTHOR = {J. Gu{\`a}rdia},
     TITLE = {On the {T}orelli problem and {J}acobian {N}ullwerte in genus
              three},
   JOURNAL = {Michigan Math. J.},
  FJOURNAL = {Michigan Mathematical Journal},
    VOLUME = {60},
      YEAR = {2011},
    NUMBER = {1},
     PAGES = {51--65},
}

@book {bliss,
    AUTHOR = {G. A. Bliss},
     TITLE = {Algebraic functions},
 PUBLISHER = {Dover Publications Inc.},
   ADDRESS = {New York},
      YEAR = {1966},
     PAGES = {ix+218},
}

@article{Igusa69,
    author={J. Igusa},
    title={Geometric and analytic methods in the theory of theta-functions},
    journal={Algebraic Geometry (Internat. Colloq. Tata Inst. Fund. Res., Bombay, 1968)},
    publisher={Oxford Univ. Press, London},
    pages={241-253},
    year={1969}
}  


@misc{NIST:DLMF,
      author = "B. Deconinck",
         key = "{\relax DLMF}",
       title = "{NIST Digital Library of Mathematical Functions: Multidimensional Theta Functions}",
howpublished = "http://dlmf.nist.gov/21, Release 1.0.6 of 2013-05-06",
         url = "http://dlmf.nist.gov/21",
        note = "Online companion to \cite{Olver:2010:NHMF}"}

@book{Olver:2010:NHMF,
      editor = "F.~W.~J. Olver and D.~W. Lozier and R.~F. Boisvert and C.~W. Clark",
       title = "{NIST Handbook of Mathematical Functions}",
   publisher = "Cambridge University Press",
     address = "New York, NY",
        year = "2010",
        note = "Print companion to \cite{NIST:DLMF}"}

@article{Plucker34,
  author  = {J. Plucker},
  title   = {Solution d'une question fondamentale concernant theorie generale des courbes},
  year    = {1834},
  journal = {J. Reigne. Agnew. Math.},
  volume  = {12},
  pages   = {105--108},
}

@book{Bezout1779,
  author  = {E. B{\'e}zout},
  title   = {Th\'{e}orie g\'{e}n\'{e}rale des \'{e}quations alg\'{e}briques},
  year    = {1779},
  publisher = {Ph.D. Pierres},
  address   = {University of Lausanne},
}

@article{Dubrovin81,
  author  = {B. Dubrovin},
  title   = {Theta functions and non-linear equations},
  year    = {1981},
  journal = {Russian Math. Surveys},
  volume  = {36},
  number  = {2},
  pages   = {11--92},
}

@article{DFS97,
  author  = "B. Dubrovin and R. Flickinger and H. Segur",
  title   = "Three--Phase Solutions fo the {K}adomtsev--{P}etviashvili Equation",
  year    = "1997",
  journal = "Studies in Applied Mathematics",
  volume  = "99",
  pages   = "137--203",
}

@article{PSV11,
  author  = "D. Plaumann and B. Sturmfels and C. Vinzant",
  title   = "Quartic curves and their bitangents",
  year    = "2011",
  journal = "Journal of Symbolic Computation",
  volume  = "46",
  pages   = "712--733",
}

@article{PSV10,
  author  = "D. Plaumann and B. Sturmfels and C. Vinzant",
  title   = "Computing Linear Matrix Representations of {H}elton--{V}innikov Curves",
  year    = "2010",
  journal = "(preprint)",
  note    = "http://arxiv.org/abs/1011.6057",
}

@incollection{DeconinckPatterson11,
  author  = "B. Deconinck and M. Patterson",
  booktitle = "Computational Approach to {R}iemann Surfaces",
  title   = {Computing with Plane Algebraic Curves and {R}iemann Surfaces: The Algorithms of the {M}aple Package {Algcurves}},
  year    = "2011",
  series  = "Lecture Notes in Mathematics",
  publisher = "Springer Berlin, Heidelberg",
}

@article{DeconinckPatterson08,
  title={Computing the {A}bel map},
  author={B. Deconinck and M. Patterson},
  journal={Physica D: Nonlinear Phenomena},
  volume={237},
  number={24},
  pages={3214--3232},
  year={2008},
  publisher={Elsevier}
}

@book {abhyankar,
   AUTHOR = {S. S. Abhyankar},
    TITLE = {Algebraic geometry for scientists and engineers},
   SERIES = {Mathematical Surveys and Monographs},
   VOLUME = {35},
PUBLISHER = {American Mathematical Society},
  ADDRESS = {Providence, RI},
     YEAR = {1990},
    PAGES = {xiv+295},
     ISBN = {0-8218-1535-0},
}

@article {dvh1,
   AUTHOR = {B. Deconinck and M. {v}an Hoeij},
    TITLE = {Computing {R}iemann matrices of algebraic curves},
  JOURNAL = {Physica D},
   VOLUME = {152--153},
    PAGES = {28-46},
     YEAR = {2001}
}

@article{DHBvHS03,
  author  = "B. Deconinck and M. Heil and A. Bobenko and M. van Hoeij and M. Schmies",
  title   = "Computing {R}iemann Theta Functions",
  year    = "2003",
  journal = "Mathematics of Computation",
  volume  = "73",
  number  = "247",
  pages   = "1417--1442",
}

@phdthesis{Deconinck98,
  author={B. Deconinck},
  title={The initial-value problem for multiphase solutions of the Kadomtsev-Petviashvili equation},
  year={1998},
  school={University of Colorado}
}


@article{DS98,
  author={B. Deconinck and H. Segur},
  year={1998},
  title={The KP equation with quasiperiodic initial data},
  journal={Physica D. Nonlinear Phenomena},
  volume={123},
  number={(1-4)},
  pages={123â€“52}
}



@article{HeltonVinnikov07,
  author  = "J. W. Helton and V. Vinnikov",
  title   = "Linear matrix inequality representations of sets",
  journal = "Communications on Pure and Applied Mathematics",
  year    = "2007",
  volume  = "60",
  number  = "5",
  pages   = "654--647",
}

@article{Quarez12,
title = "Symmetric determinantal representation of polynomials ",
journal = "Linear Algebra and its Applications ",
volume = "436",
number = "9",
pages = "3642 - 3660",
year = "2012",
note = "",
issn = "0024-3795",
doi = "http://dx.doi.org/10.1016/j.laa.2012.01.004",
url = "http://www.sciencedirect.com/science/article/pii/S002437951200050X",
author = "R. Quarez",
keywords = "Determinantal representation",
keywords = "Linear pencil "
}


@book{Baker97,
  author  = {H. F. Baker},
  title   = {Abelian Functions: Abel's theorem and the allied theory of theta functions},
  publisher = {Cambridge University Press},
  address = {Cambridge},
  year    = {1897},
}

@article{Shiota86,
  author  = "T. Shiota",
  title   = "Characterization of {J}acobian varieties in terms of soliton equations",
  journal = "Inventiones Mahtematicae",
  year    = "1986",
  volume  = "83",
  number  = "2",
  pages   = "333--382",
}

@book{AblowitzSegur81,
  author  = "M. J. Ablowitz and H. Segur",
  title   = "Solitons and the inverse scattering transform",
  series  = "SIAM Studies in Applied Mathematics",
  publisher = "Society for Industrial and Applied Mathematics",
  address = "Philadelphia, PA",
  year    = "1981",
  volume  = "4",
}

@article{Krichever77,
  author  = "I. M. Krichever",
  title   = "Integration of nonlinear equations by the methods of algebraic geometry",
  journal = "Functional Analysis and its Applications",
  year    = "1977",
  volume  = "11",
  number  = "1",
  pages   = "12--26",
}

@incollection{Krichever93,
year={1993},
isbn={978-3-642-63450-5},
booktitle={Important Developments in Soliton Theory},
series={Springer Series in Nonlinear Dynamics},
editor={A.S. Fokas and V.E. Zakharov},
doi={10.1007/978-3-642-58045-1_8},
title={The Cauchy Problem for Doubly Periodic Solutions of KP-II Equation},
url={http://dx.doi.org/10.1007/978-3-642-58045-1_8},
publisher={Springer Berlin Heidelberg},
author={I. Krichever},
pages={123-146},
language={English}
}


@misc{Dolgachev03,
  author  = "I. Dolgachev",
  title   = "Topics in Classical Algebraic Geometry",
  note    = "Lecture notes, posted at www.math.lsa.umich.edu/idolga",
}

@book{MumfordI07,
  author  = "D. Mumford",
  title   = "Tata Lectures on Theta I",
  publisher = {Modern Birkh\"{a}user Classics, Birkh\"{a}user},
  address = "Boston, MA",
  year    = "1983",
}

@book{MumfordII07,
  author  = "D. Mumford",
  title   = "Tata Lectures on Theta II",
  publisher = {Modern Birkh\"{a}user Classics, Birkh\"{a}user},
  address = "Boston, MA",
  year    = "1983",
}

@article{PocchiolaVegter93,
  author  = {M. Pocchiola and G. Vegter},
  title   = {The visibility complex},
  year    = {1993},
  journal = {SCG '93 Proceedings of the ninth annual symposium on Computational gemoetry},
  pages   = {328--337}
}

@book {belokolos,
   AUTHOR = {E.D. Belokolos and A.I. Bobenko and V.Z. Enol'skii and A.R. Its,
             and V.B. Matveev},
    TITLE = {Algebro-geometric approach to nonlinear integrable problems},
   SERIES = {Springer Series in Nonlinear Dynamics},
PUBLISHER = {Springer-Verlag},
  ADDRESS = {Berlin},
     YEAR = {1994},
    PAGES = {xii+337},
}

@article{Riemann76,
  author  = {G. B. Riemann},
  title   = {Zur Theorie der {A}belschen Funktionen f\"{u}r den Fall $p=3$},
  address = {Werke, Leipzig},
  year    = {1876},
  pages   = {466--472},
}

@book{Griffiths89,
  title={Introduction to Algebraic Curves},
  author={P. A. Griffiths},
  isbn={9780821845370},
  lccn={89007000},
  series={Translations of mathematical monographs},
  url={http://books.google.com/books?id=n\_gGel1N1cAC},
  year={1989},
  publisher={American Mathematical Society}
}

@book{Ueno97,
  title={An Introduction to Algebraic Geometry},
  author={K. Ueno and K. Nomizu},
  isbn={9780821811443},
  lccn={97003030},
  series={Translations of mathematical monographs},
  url={http://books.google.com/books?id=kZeoIWrm60wC},
  year={1997},
  publisher={American Mathematical Society}
}

@article{Noether83,
  title={Rationale Ausf\"{u}hrungen der Operationen in der Theorie der algebraischen Funktionen},
  author={M. Noether},
  journal={Math. Ann.},
  year={1983},
  volume={23},
  pages={311--358}
}

@book{FarkasKra92,
  title={Riemann Surfaces: With 27 Figures},
  author={H. M. Farkas and I. Kra},
  isbn={9780387977034},
  lccn={91030662},
  series={Graduate Texts in Mathematics},
  url={https://books.google.com/books?id=bGZDU9HxgpAC},
  year={1992},
  publisher={Springer New York}
}



@article{Mnuk97,
  title={Computing adjoint curves},
  author="M. M{\~{n}}uk",
  journal={J. Symb. Comput.},
  year={1997},
  volume={23},
  pages={229--240}
}

@article{vanHoeij94,
  title={An algorithm for computing an integral basis in an algebraic function field},
  author={M. van Hoeij},
  journal={J. Symb. Comput.},
  year={1994},
  volume={18},
  pages={353--363}
}

@article{TretkoffTretkoff84,
  title={Combinatorial group theory, Riemann surfaces and differential equations},
  author={C. L. Tretkoff and M. D. Tretkoff},
  journal={Contemp. Math.},
  volume={33},
  pages={467--517},
  year={1984}
}

@article{Duval89,
  title={Rational Puiseux expansions},
  author={D. Duval},
  journal={Composito Mathematica},
  volume={70},
  number={2},
  year={1989},
  pages={119--154}
}

@article{HauensteinSottile10,
  title={alphaCertified: Certifying solutions to polynomial systems},
  author={J.D. Hauenstein and F. Sottile},
  journal={ACM Transactions on Mathematical Software (TOMS)},
  volume={38},
  number={4},
  pages={28},
  year={2012},
  publisher={ACM}
}

@article{FKS12,
  title={Efficient computation of the branching structure of an algebraic curve},
  author={J. Frauendiener and C. Klein and V. Shramchenko},
  journal={Computational Methods and Function Theory},
  volume={11},
  number={2},
  pages={527--546},
  year={2012},
  publisher={Springer}
}

@proceedings{Smale85,
  author={S. Smale},
  title={Newtonâ€™s method estimates from data at one point},
  organization={The merging of disciplines: new directions in pure, applied, and computational mathematics (Laramie, Wyo., 1985)},
  publisher={Springer},
  year={1986},
  pages={185--196}
}

@incollection{Mumford99,
year={1999},
isbn={978-3-540-63293-1},
booktitle={The Red Book of Varieties and Schemes},
volume={1358},
series={Lecture Notes in Mathematics},
doi={10.1007/978-3-540-46021-3_4},
title={Appendix: Curves and Their Jacobians},
url={http://dx.doi.org/10.1007/978-3-540-46021-3_4},
publisher={Springer Berlin Heidelberg},
author={Mumford, DavidB.},
pages={225-291}
}


@misc{wiki:Romberg,
      title = {Romberg's method},
      month = {March},
      year = {2014},
      howpublished = "\url{http://en.wikipedia.org/wiki/Romberg's_method}",
      note = "[Online; accessed 11-March-2014]"
}